% BEHR Readme bibliography
@book{burrows-platt,
	Author={Burrows, {John P.} and Platt, {Ulrich} and Borrell, {Peter}},
	Title={The Remote Sensing of Tropospheric Composition from Space},
	Year={2011},
	Publisher={Springer},
	Location={New York}
}

@article{palmer2001,
	Author={Palmer, {Paul I.} and Jacob, {Daniel J.} and Chance, {Kelly} and Martin, {Randall V.} and Spurr, {Robert J. D.} and Kurosu, {Thomas P.} and Bey, {Isabelle} and Yantosca, {Robert} and Fiore, {Arlene} and Li, {Qinbin}},
	Title={Air mass factor formulation for spectroscopic measurments from satellites: Application to formaldehyde retrievals from the Global Ozone Monitoring Experiment},
	Journal={J. Geophys. Res.},
	Volume={106},
	Pages={14539--14550},
	Year={2001}
}

@article{russell11,
	Author={Russell, {A.R.} and Perring, {A.E.} and Valin, {L.C.} and Bucsela, {E.J.} and Browne, {E.C.} and Min, {K.-E.} and Wooldridge, {P.J.} and Cohen, {R.C.}},
	Journal={Atmos. Chem. Phys.},
	Volume={11},
	Pages={8543--8554},
	Year={2011},
	Title="A high spatial resolution retrieval of {NO}$_2$ column densities from {OMI}: method and evalutation"
}

@article{ziemka01,
	Author={Ziemka, {J.R.} and Chandra, {S.} and Bhartia, {P.K.}},
	Journal={J. Geophys. Res. Atmos.},
	Volume={106},
	Pages={9853--9867},
	Year={2001},
	Title={``Cloud slicing'': A new technique to derive upper tropospheric ozone from satellite measurements}
}

