@article{beirle11,
	Author={Beirle, {S.} and Boersma, {K.F.} and Platt, {U.} and Lawrence, {M.G.} and Wagner, {T.}},
	Journal={Science},
	Volume={333},
	Pages={1737--1739},
	Year={2011},
	Title={"Megacity Emissions and Lifetimes of Nitrogen Oxides Probed from Space"}
}

@article{bousserez14,
AUTHOR = {Bousserez, N.},
TITLE = {Space-based retrieval of NO$_{2}$ over biomass burning regions: quantifying and reducing uncertainties},
JOURNAL = {Atmospheric Measurement Techniques},
VOLUME = {7},
YEAR = {2014},
NUMBER = {10},
PAGES = {3431--3444},
URL = {http://www.atmos-meas-tech.net/7/3431/2014/},
DOI = {10.5194/amt-7-3431-2014}
}

@article {bucsela08,
author = {Bucsela, E. J. and Perring, A. E. and Cohen, R. C. and Boersma, K. F. and Celarier, E. A. and Gleason, J. F. and Wenig, M. O. and Bertram, T. H. and Wooldridge, P. J. and Dirksen, R. and Veefkind, J. P.},
title = {Comparison of tropospheric NO2 from in situ aircraft measurements with near-real-time and standard product data from OMI},
journal = {J. Geophys. Res. Atmos.},
volume = {113},
number = {D16},
doi = {10.1029/2007JD008838},
year = {2008}
}

@article{deFoy14,
	Author={de Foy, {B.} and Wilkins, {J.L.} and Lu, {Z.} and Streets, {D.G.} and Duncan, {B.N.}},
	Journal={Atmos. Environ.},
	Volume={98},
	Pages={66--77},
	Year={2014},
	DOI={10.1016/j.atmosenv.2014.08.051},
	Title={Model evaluation of methods for estimating surface emissions and chemical lifetimes from satellite data}
}

@article {hains10,
author = {Hains, Jennifer C. and Boersma, K. Folkert and Kroon, Mark and Dirksen, Ruud J. and Cohen, Ronald C. and Perring, Anne E. and Bucsela, Eric and Volten, Hester and Swart, Daan P. J. and Richter, Andreas and Wittrock, Folkard and Schoenhardt, Anja and Wagner, Thomas and Ibrahim, Ossama W. and van Roozendael, Michel and Pinardi, Gaia and Gleason, James F. and Veefkind, J. Pepijn and Levelt, Pieternel},
title = {Testing and improving OMI DOMINO tropospheric NO2 using observations from the DANDELIONS and INTEX-B validation campaigns},
journal = {J. Geophys. Res. Atmos.},
volume = {115},
number = {D5},
doi = {10.1029/2009JD012399},
year = {2010}
}

@article{laughner16,
author = {Laughner, {J.L.} and Zare, {A.H.} and Cohen, {R.C.}},
title = {Effects of daily meteorology on the interpretation of space-based remote sensing of \ce{NO2}},
year = {in prep}
}

@Article{leitao10,
AUTHOR = {Leit\~ao, J. and Richter, A. and Vrekoussis, M. and Kokhanovsky, A. and Zhang, Q. J. and Beekmann, M. and Burrows, J. P.},
TITLE = {On the improvement of NO$_{2}$ satellite retrievals â€“ aerosol impact on the airmass factors},
JOURNAL = {Atmos. Meas. Tech.},
VOLUME = {3},
YEAR = {2010},
NUMBER = {2},
PAGES = {475--493},
URL = {http://www.atmos-meas-tech.net/3/475/2010/},
DOI = {10.5194/amt-3-475-2010}
}


@article{lu15,
	Author={Lu, {Z.} and Streets, {D.G.} and de Foy, {B.} and Lamsal, {L.N.} and Duncan, {B.N.} and Xing, {J.}},
	Journal={Atmos. Chem. Phys.},
	Volume={15},
	Pages={10367--10383},
	Year={2015},
	DOI={10.5194/acp-15-10367-2015},
	Title={"Emissions of nitrogen oxides from US urban areas: estimation from Ozone Monitoring Instrument retrievals for 2005--2014"}
}

@article{russell11,
	Author={Russell, {A.R.} and Perring, {A.E.} and Valin, {L.C.} and Bucsela, {E.J.} and Browne, {E.C.} and Min, {K.-E.} and Wooldridge, {P.J.} and Cohen, {R.C.}},
	Journal={Atmos. Chem. Phys.},
	Volume={11},
	Pages={8543--8554},
	Year={2011},
	DOI={10.5194/acp-11-8543-2011},
	Title={"A high spatial resolution retrieval of {NO}$_2$ column densities from {OMI}: method and evalutation"}
}

@article{russell12,
	AUTHOR = {Russell, A. R. and Valin, L. C. and Cohen, R. C.},
	TITLE = {Trends in OMI NO$_{2}$ observations over the United States: effects of emission control technology and the economic recession},
	JOURNAL = {Atmospheric Chemistry and Physics},
	VOLUME = {12},
	YEAR = {2012},
	PAGES = {12197--12209},
	DOI = {10.5194/acp-12-12197-2012}
}

@article{valin13,
	Author={Valin, {L.C.} and Russell, {A.R.} and Cohen, {R.C.}},
	Journal={Geophys. Res. Lett.},
	Volume={40},
	Pages={1856--1860},
	Year={2013},
	DOI={10.1002/grl.50267},
	Title={"Variations of OH radical in an urban plume inferred from {NO}$_2$ column measurements"}
}